@article{RN6861,
   author = {Lortie, Christopher J. and Owen, Malory},
   title = {Ten simple rules to facilitate evidence implementation in the environmental sciences},
   journal = {FACETS},
   volume = {5},
   number = {1},
   pages = {642-650},
   DOI = {10.1139/facets-2020-0021},
   url = {https://doi.org/10.1139/facets-2020-0021},
   year = {2020},
   type = {Journal Article}
}

@article{RN5995,
   author = {McCarthy, Mark P. and Best, Martin J. and Betts, Richard A.},
   title = {Climate change in cities due to global warming and urban effects},
   journal = {Geophysical Research Letters},
   volume = {37},
   number = {9},
   ISSN = {0094-8276},
   DOI = {10.1029/2010GL042845},
   url = {https://doi.org/10.1029/2010GL042845},
   year = {2010},
   type = {Journal Article}
}

@article{RN4523,
   author = {Lortie, C. J.},
   title = {Open Sesame: R for Data Science is Open Science},
   journal = {Ideas in Ecology and Evolution},
   volume = {10},
   pages = {1-5},
   year = {2017},
   type = {Journal Article}
}

@article{RN6388,
   author = {Burkle, Laura A. and Marlin, John C. and Knight, Tiffany M.},
   title = {Plant-Pollinator Interactions over 120 Years: Loss of Species, Co-Occurrence, and Function},
   journal = {Science},
   volume = {339},
   number = {6127},
   pages = {1611},
   DOI = {10.1126/science.1232728},
   url = {http://science.sciencemag.org/content/339/6127/1611.abstract},
   year = {2013},
   type = {Journal Article}
}

@article{RN5997,
   author = {McKinley, Duncan C. and Miller-Rushing, Abe J. and Ballard, Heidi L. and Bonney, Rick and Brown, Hutch and Cook-Patton, Susan C. and Evans, Daniel M. and French, Rebecca A. and Parrish, Julia K. and Phillips, Tina B. and Ryan, Sean F. and Shanley, Lea A. and Shirk, Jennifer L. and Stepenuck, Kristine F. and Weltzin, Jake F. and Wiggins, Andrea and Boyle, Owen D. and Briggs, Russell D. and Chapin, Stuart F. and Hewitt, David A. and Preuss, Peter W. and Soukup, Michael A.},
   title = {Citizen science can improve conservation science, natural resource management, and environmental protection},
   journal = {Biological Conservation},
   volume = {208},
   pages = {15-28},
   ISSN = {0006-3207},
   DOI = {https://doi.org/10.1016/j.biocon.2016.05.015},
   url = {http://www.sciencedirect.com/science/article/pii/S0006320716301963},
   year = {2017},
   type = {Journal Article}
}

@article{RN5996,
   author = {Nielsen, Jacqueline A. and Grøndahl, Eva and Callaway, Ragan M. and Dickinson, Katharine J. M. and Ehlers, Bodil K.},
   title = {Home and away: biogeographical comparison of species diversity in Thymus vulgaris communities},
   journal = {Biological Invasions},
   volume = {19},
   number = {9},
   pages = {2533-2542},
   ISSN = {1573-1464},
   DOI = {10.1007/s10530-017-1461-x},
   url = {https://doi.org/10.1007/s10530-017-1461-x},
   year = {2017},
   type = {Journal Article}
}

@article{RN6000,
   author = {Goring, Simon J. and Weathers, Kathleen C. and Dodds, Walter K. and Soranno, Patricia A. and Sweet, Lynn C. and Cheruvelil, Kendra S. and Kominoski, John S. and Rüegg, Janine and Thorn, Alexandra M. and Utz, Ryan M.},
   title = {Improving the culture of interdisciplinary collaboration in ecology by expanding measures of success},
   journal = {Frontiers in Ecology and the Environment},
   volume = {12},
   number = {1},
   pages = {39-47},
   ISSN = {1540-9295},
   DOI = {10.1890/120370},
   url = {https://doi.org/10.1890/120370},
   year = {2014},
   type = {Journal Article}
}

@article{RN5980,
   author = {Lortie, Christopher J. and Filazzola, A. and Kelsey, R. and Hart, Abigail K. and Butterfield, H. S.},
   title = {Better late than never. A synthesis of strategic land retirement and restoration in California},
   journal = {Ecosphere},
   volume = {9},
   number = {8},
   pages = {e02367},
   ISSN = {2150-8925},
   DOI = {10.1002/ecs2.2367},
   url = {https://doi.org/10.1002/ecs2.2367},
   year = {2018},
   type = {Journal Article}
}

@article{RN3216,
   author = {Lortie, C. J.},
   title = {Formalized synthesis opportunities for ecology: systematic reviews and meta-analyses},
   journal = {Oikos},
   volume = {123},
   pages = {897-902},
   year = {2014},
   type = {Journal Article}
}

@article{RN6387,
   author = {Vogt, Richard and Sharma, Sapna and Leavitt, Peter},
   title = {Direct and interactive effects of climate, meteorology, river hydrology, and lake characteristics on water quality in productive lakes of the Canadian Prairies},
   journal = {Canadian Journal of Fisheries and Aquatic Sciences},
   volume = {75},
   DOI = {10.1139/cjfas-2016-0520},
   year = {2017},
   type = {Journal Article}
}

@article{RN7223,
   author = {Fletcher, Anthony C. and Wagner, Georges A. and Bourne, Philip E.},
   title = {Ten simple rules for more objective decision-making},
   journal = {PLOS Computational Biology},
   volume = {16},
   number = {4},
   pages = {e1007706},
   DOI = {10.1371/journal.pcbi.1007706},
   url = {https://doi.org/10.1371/journal.pcbi.1007706},
   year = {2020},
   type = {Journal Article}
}

@article{RN7247,
   author = {McDermott, Jason E. and Partridge, Matthew and Bromberg, Yana},
   title = {Ten simple rules for drawing scientific comics},
   journal = {PLOS Computational Biology},
   volume = {14},
   number = {1},
   pages = {e1005845},
   DOI = {10.1371/journal.pcbi.1005845},
   url = {https://doi.org/10.1371/journal.pcbi.1005845},
   year = {2018},
   type = {Journal Article}
}

@article{RN3498,
   author = {Shrier, Ian},
   title = {How to critically read ecological meta-analyses},
   journal = {Research Synthesis Methods},
   volume = {6},
   number = {2},
   pages = {134-135},
   ISSN = {1759-2887},
   DOI = {10.1002/jrsm.1150},
   url = {http://dx.doi.org/10.1002/jrsm.1150},
   year = {2015},
   type = {Journal Article}
}

@article{RN7239,
   author = {Mensh, Brett and Kording, Konrad},
   title = {Ten simple rules for structuring papers},
   journal = {PLOS Computational Biology},
   volume = {13},
   number = {9},
   pages = {e1005619},
   DOI = {10.1371/journal.pcbi.1005619},
   url = {https://doi.org/10.1371/journal.pcbi.1005619},
   year = {2017},
   type = {Journal Article}
}

@article{RN7311,
   author = {Custode, Leonardo B. and Guzzo, Matthew M. and Bush, Natasha and Ewing, Claire and Procko, Michael and Knight, Samantha M. and Rousseau-Clair, Marie-Michele and Norris, D. Ryan},
   title = {Canadian private protected areas are located in regions of higher vertebrate species richness than government protected areas},
   journal = {FACETS},
   volume = {6},
   pages = {1323-1336},
   DOI = {10.1139/facets-2020-0108},
   url = {https://doi.org/10.1139/facets-2020-0108},
   year = {2021},
   type = {Journal Article}
}





















